
@book{fielding_architectural_2000,
	title = {Architectural styles and the design of network-based software architectures},
	volume = {7},
	publisher = {University of California, Irvine Doctoral dissertation},
	author = {Fielding, Roy T. and Taylor, Richard N.},
	year = {2000},
	keywords = {REST}
}

@book{facebook_inc._react_2018,
	title = {React - {A} {JavaScript} library for building user interfaces},
	url = {https://reactjs.org/index.html},
	abstract = {A JavaScript library for building user interfaces},
	language = {en},
	urldate = {2018-05-22},
	author = {{Facebook Inc.}},
	month = may,
	year = {2018},
	keywords = {react}
}

@book{abramov_presentational_2015,
	title = {Presentational and {Container} {Components}},
	url = {https://medium.com/@dan_abramov/smart-and-dumb-components-7ca2f9a7c7d0},
	abstract = {You’ll find your components much easier to reuse and reason about if you divide them into two categories.},
	urldate = {2018-05-24},
	author = {Abramov, Dan},
	month = mar,
	year = {2015}
}

@book{spring.io_spring_2018,
	title = {Spring {Projects}},
	url = {https://spring.io/projects/spring-framework},
	abstract = {The Spring portfolio has many projects, including Spring Framework, Spring IO Platform, Spring Cloud, Spring Boot, Spring Data, Spring Security...},
	urldate = {2018-06-02},
	author = {{spring.io}},
	month = jun,
	year = {2018}
}

@book{reactjs_redux_nodate,
	title = {Redux {Documentation}},
	url = {https://github.com/reactjs/redux/tree/master/docs},
	author = {{Reactjs}}
}

@book{society_guide_2014,
	address = {Los Alamitos, CA, USA},
	edition = {3rd},
	title = {Guide to the {Software} {Engineering} {Body} of {Knowledge} ({SWEBOK}({R})): {Version} 3.0},
	isbn = {0-7695-5166-1 978-0-7695-5166-1},
	publisher = {IEEE Computer Society Press},
	author = {Society, IEEE Computer and Bourque, Pierre and Fairley, Richard E.},
	year = {2014}
}

@inproceedings{guelfi_measuring_2016,
	title = {Measuring the {SWEBOK} {Coverage}: {An} {Approach} and a {Tool}},
	publisher = {University of Luxembourg, Faculty of Science, Technology and Communication (FSTC), Computer Science and Communications Research Unit (CSC)},
	author = {Guelfi, Nicolas and Capozucca, Alfredo and Ries, Benoît},
	month = aug,
	year = {2016}
}

@techreport{acm/ieee-cs_joint_task_force_on_computing_curricula_computer_2013,
	title = {Computer {Science} {Curricula} 2013},
	url = {http://dx.doi.org/10.1145/2534860},
	institution = {ACM Press and IEEE Computer Society Press},
	author = {{ACM/IEEE-CS Joint Task Force on Computing Curricula}},
	month = dec,
	year = {2013},
	doi = {10.1145/2534860}
}

@book{auth0.com_jwt.io_2018,
	title = {jwt.io},
	url = {http://jwt.io/},
	abstract = {JSON Web Tokens are an open, industry standard RFC 7519 method for representing claims securely between two parties.},
	language = {en},
	urldate = {2018-06-03},
	author = {{auth0.com}},
	month = jun,
	year = {2018}
}

@book{sass-lang.com_sass:_2018,
	title = {Sass: {Syntactically} {Awesome} {Style} {Sheets}},
	url = {https://sass-lang.com/},
	urldate = {2018-06-03},
	author = {{sass-lang.com}},
	month = jun,
	year = {2018}
}

@book{guelfi_messir_2018,
	title = {Messir {Requirements} {Analysis} {Methodology} - {Messir} - {Confluence}},
	url = {https://messir.uni.lu/},
	urldate = {2018-06-04},
	author = {Guelfi, Nicolas and Capozucca, Alfredo and Ries, Benoît},
	month = jun,
	year = {2018}
}

@book{university_of_luxembourg_bachelor_2018,
	title = {Bachelor in {Computer} {Science} ({Academic})},
	url = {https://wwwen.uni.lu/studies/fstc/bachelor_in_computer_science_academic},
	urldate = {2018-06-04},
	author = {{University of Luxembourg}},
	month = jun,
	year = {2018}
}

@book{university_of_luxembourg_bics_2018,
	title = {{BiCS} {Management} {Tool}},
	url = {https://messir.uni.lu/bmt/login},
	urldate = {2018-06-04},
	author = {{University of Luxembourg}},
	month = jun,
	year = {2018}
}

@book{sommerville_software_2016,
	edition = {Tenth edition, global edition},
	series = {Always learning},
	title = {Software engineering},
	isbn = {978-1-292-09613-1 978-1-292-09614-8},
	language = {eng},
	publisher = {Pearson},
	author = {Sommerville, Ian},
	year = {2016},
	annote = {Literaturangaben Hier auch später erschienene, unveränderte Nachdrucke},
	annote = {OCLC: 934508916}
}

@book{sommerville_software_2016-1,
	address = {Boston Columbus Indianapolis New York San Francisco Hoboken Amsterdam Cape Town Dubai London Madrid Milan Munich Paris Montreal Toronto Delhi Mexico City São Paulo Sydney Hong Kong Seoul Singapore Taipei Tokyo},
	edition = {Tenth edition, global edition},
	series = {Always learning},
	title = {Software engineering},
	isbn = {978-1-292-09613-1 978-1-292-09614-8},
	language = {eng},
	publisher = {Pearson},
	author = {Sommerville, Ian},
	year = {2016},
	annote = {Literaturangaben Hier auch später erschienene, unveränderte Nachdrucke},
	annote = {OCLC: 934508916}
}

@book{sommerville_software_2016-2,
	address = {Boston Columbus Indianapolis New York San Francisco Hoboken Amsterdam Cape Town Dubai London Madrid Milan Munich Paris Montreal Toronto Delhi Mexico City São Paulo Sydney Hong Kong Seoul Singapore Taipei Tokyo},
	edition = {Tenth edition, global edition},
	series = {Always learning},
	title = {Software engineering},
	isbn = {978-1-292-09613-1 978-1-292-09614-8},
	language = {eng},
	publisher = {Pearson},
	author = {Sommerville, Ian},
	year = {2016},
	annote = {Literaturangaben Hier auch später erschienene, unveränderte Nachdrucke},
	annote = {OCLC: 934508916}
}

@book{simonetto_amt:_2018,
	title = {{AMT}: {Assessment} {Management} {Tool} {Excalibur} {Project}},
	url = {https://bit.ly/2Ji57XX},
	urldate = {2018-06-05},
	author = {Simonetto, Thibault},
	month = jun,
	year = {2018}
}

@book{simonetto_amt:_2018-1,
	title = {{AMT}: {Assessment} {Management} {Tool} {Messir} {Requirements} {Specification} {Document}},
	url = {https://bit.ly/2kTo8p7},
	urldate = {2018-06-05},
	author = {Simonetto, Thibault},
	month = jun,
	year = {2018}
}

@article{guelfi_tesma:_2017,
	title = {{TESMA}: {Requirements} and design of a tool for educational programs},
	volume = {8},
	shorttitle = {{TESMA}},
	number = {1},
	author = {Guelfi, Nicolas and Jahic, Benjamin and Ries, Benoît},
	year = {2017},
	pages = {37}
}

@book{hibernate.org_hibernate._2018,
	title = {Hibernate. {Everything} data. - {Hibernate}},
	url = {http://hibernate.org/},
	urldate = {2018-06-07},
	author = {{hibernate.org}},
	month = jun,
	year = {2018}
}

@book{jonsson_pkcs_nodate,
	title = {{PKCS} \#1: {RSA} {Cryptography} {Specifications} {Version} 2.2},
	shorttitle = {{PKCS} \#1},
	url = {https://tools.ietf.org/html/rfc8017},
	language = {en},
	urldate = {2018-12-04},
	author = {Jonsson, Jakob and Moriarty, Kathleen and Kaliski, Burt and Rusch, Andreas}
}

@article{schanck_practical_2015,
	title = {Practical {Lattice} {Cryptosystems}: {NTRUEncrypt} and {NTRUMLS}},
	shorttitle = {Practical {Lattice} {Cryptosystems}},
	url = {https://uwspace.uwaterloo.ca/handle/10012/10074},
	abstract = {Public key cryptography, as deployed on the internet today, stands on shaky ground. For over twenty years now it has been known that the systems in widespread use are insecure against adversaries equipped with quantum computers – a fact that has largely been discounted due to the enormous challenge of building such devices. However, research into the development of quantum computers is accelerating and is producing an abundance of positive results that indicate quantum computers could be built in the near future. As a result, individuals, corporations and government entities are calling for the deployment of new cryptography to replace systems that are vulnerable to quantum cryptanalysis. Few satisfying schemes are to be found. This work examines the design, parameter selection, and cryptanalysis of a post-quantum public key encryption scheme, NTRUEncrypt, and a related signature scheme, NTRUMLS. It is hoped that this analysis will prove useful in comparing these schemes against other candidates that have been proposed to replace existing infrastructure.},
	language = {en},
	urldate = {2018-12-04},
	author = {Schanck, John},
	month = dec,
	year = {2015}
}

@article{micciancio_closest_2003,
	title = {Closest {Vector} {Problem}},
	url = {http://cseweb.ucsd.edu/ daniele/papers/CryptoEncyclopediaCVP.pdf},
	author = {Micciancio, Daniele},
	month = aug,
	year = {2003}
}

@misc{noauthor_open_2018,
	title = {Open {Source} {NTRU} {Public} {Key} {Cryptography} and {Reference} {Code}: {NTRUOpenSourceProject}/ntru-crypto},
	shorttitle = {Open {Source} {NTRU} {Public} {Key} {Cryptography} and {Reference} {Code}},
	url = {https://github.com/NTRUOpenSourceProject/ntru-crypto},
	urldate = {2018-12-18},
	publisher = {NTRU Open Source Project},
	month = dec,
	year = {2018},
	note = {original-date: 2013-06-05T16:59:58Z}
}

@book{bernstein_post-quantum_2009,
	edition = {Springer Verlag},
	title = {Post-{Quantum} {Cryptography}},
	author = {Bernstein, D and Buchmann, J and Dahmen, E},
	year = {2009}
}

@book{fielding_architectural_2000-1,
	title = {Architectural styles and the design of network-based software architectures},
	volume = {7},
	publisher = {University of California, Irvine Doctoral dissertation},
	author = {Fielding, Roy T. and Taylor, Richard N.},
	year = {2000},
	keywords = {REST}
}

@book{facebook_inc._react_2018-1,
	title = {React - {A} {JavaScript} library for building user interfaces},
	url = {https://reactjs.org/index.html},
	abstract = {A JavaScript library for building user interfaces},
	language = {en},
	urldate = {2018-05-22},
	author = {{Facebook Inc.}},
	month = may,
	year = {2018},
	keywords = {react}
}

@book{abramov_presentational_2015-1,
	title = {Presentational and {Container} {Components}},
	url = {https://medium.com/@dan_abramov/smart-and-dumb-components-7ca2f9a7c7d0},
	abstract = {You’ll find your components much easier to reuse and reason about if you divide them into two categories.},
	urldate = {2018-05-24},
	author = {Abramov, Dan},
	month = mar,
	year = {2015}
}

@book{spring.io_spring_2018-1,
	title = {Spring {Projects}},
	url = {https://spring.io/projects/spring-framework},
	abstract = {The Spring portfolio has many projects, including Spring Framework, Spring IO Platform, Spring Cloud, Spring Boot, Spring Data, Spring Security...},
	urldate = {2018-06-02},
	author = {{spring.io}},
	month = jun,
	year = {2018}
}

@book{reactjs_redux_nodate-1,
	title = {Redux {Documentation}},
	url = {https://github.com/reactjs/redux/tree/master/docs},
	author = {{Reactjs}}
}

@book{society_guide_2014-1,
	address = {Los Alamitos, CA, USA},
	edition = {3rd},
	title = {Guide to the {Software} {Engineering} {Body} of {Knowledge} ({SWEBOK}({R})): {Version} 3.0},
	isbn = {0-7695-5166-1 978-0-7695-5166-1},
	publisher = {IEEE Computer Society Press},
	author = {Society, IEEE Computer and Bourque, Pierre and Fairley, Richard E.},
	year = {2014}
}

@inproceedings{guelfi_measuring_2016-1,
	title = {Measuring the {SWEBOK} {Coverage}: {An} {Approach} and a {Tool}},
	publisher = {University of Luxembourg, Faculty of Science, Technology and Communication (FSTC), Computer Science and Communications Research Unit (CSC)},
	author = {Guelfi, Nicolas and Capozucca, Alfredo and Ries, Benoît},
	month = aug,
	year = {2016}
}

@techreport{acm/ieee-cs_joint_task_force_on_computing_curricula_computer_2013-1,
	title = {Computer {Science} {Curricula} 2013},
	url = {http://dx.doi.org/10.1145/2534860},
	institution = {ACM Press and IEEE Computer Society Press},
	author = {{ACM/IEEE-CS Joint Task Force on Computing Curricula}},
	month = dec,
	year = {2013},
	doi = {10.1145/2534860}
}

@book{auth0.com_jwt.io_2018-1,
	title = {jwt.io},
	url = {http://jwt.io/},
	abstract = {JSON Web Tokens are an open, industry standard RFC 7519 method for representing claims securely between two parties.},
	language = {en},
	urldate = {2018-06-03},
	author = {{auth0.com}},
	month = jun,
	year = {2018}
}

@book{sass-lang.com_sass:_2018-1,
	title = {Sass: {Syntactically} {Awesome} {Style} {Sheets}},
	url = {https://sass-lang.com/},
	urldate = {2018-06-03},
	author = {{sass-lang.com}},
	month = jun,
	year = {2018}
}

@book{guelfi_messir_2018-1,
	title = {Messir {Requirements} {Analysis} {Methodology} - {Messir} - {Confluence}},
	url = {https://messir.uni.lu/},
	urldate = {2018-06-04},
	author = {Guelfi, Nicolas and Capozucca, Alfredo and Ries, Benoît},
	month = jun,
	year = {2018}
}

@book{university_of_luxembourg_bachelor_2018-1,
	title = {Bachelor in {Computer} {Science} ({Academic})},
	url = {https://wwwen.uni.lu/studies/fstc/bachelor_in_computer_science_academic},
	urldate = {2018-06-04},
	author = {{University of Luxembourg}},
	month = jun,
	year = {2018}
}

@book{university_of_luxembourg_bics_2018-1,
	title = {{BiCS} {Management} {Tool}},
	url = {https://messir.uni.lu/bmt/login},
	urldate = {2018-06-04},
	author = {{University of Luxembourg}},
	month = jun,
	year = {2018}
}

@book{sommerville_software_2016-3,
	edition = {Tenth edition, global edition},
	series = {Always learning},
	title = {Software engineering},
	isbn = {978-1-292-09613-1 978-1-292-09614-8},
	language = {eng},
	publisher = {Pearson},
	author = {Sommerville, Ian},
	year = {2016},
	annote = {Literaturangaben Hier auch später erschienene, unveränderte Nachdrucke},
	annote = {Literaturangaben Hier auch später erschienene, unveränderte Nachdrucke},
	annote = {Literaturangaben Hier auch später erschienene, unveränderte Nachdrucke},
	annote = {Literaturangaben Hier auch später erschienene, unveränderte Nachdrucke},
	annote = {Literaturangaben Hier auch später erschienene, unveränderte Nachdrucke},
	annote = {Literaturangaben Hier auch später erschienene, unveränderte Nachdrucke},
	annote = {OCLC: 934508916},
	annote = {OCLC: 934508916},
	annote = {OCLC: 934508916},
	annote = {OCLC: 934508916}
}

@book{simonetto_amt:_2018-2,
	title = {{AMT}: {Assessment} {Management} {Tool} {Excalibur} {Project}},
	url = {https://bit.ly/2Ji57XX},
	urldate = {2018-06-05},
	author = {Simonetto, Thibault},
	month = jun,
	year = {2018}
}

@book{simonetto_amt:_2018-3,
	title = {{AMT}: {Assessment} {Management} {Tool} {Messir} {Requirements} {Specification} {Document}},
	url = {https://bit.ly/2kTo8p7},
	urldate = {2018-06-05},
	author = {Simonetto, Thibault},
	month = jun,
	year = {2018}
}

@article{guelfi_tesma:_2017-1,
	title = {{TESMA}: {Requirements} and design of a tool for educational programs},
	volume = {8},
	shorttitle = {{TESMA}},
	number = {1},
	author = {Guelfi, Nicolas and Jahic, Benjamin and Ries, Benoît},
	year = {2017},
	pages = {37}
}

@book{hibernate.org_hibernate._2018-1,
	title = {Hibernate. {Everything} data. - {Hibernate}},
	url = {http://hibernate.org/},
	urldate = {2018-06-07},
	author = {{hibernate.org}},
	month = jun,
	year = {2018}
}

@book{jonsson_pkcs_nodate-1,
	title = {{PKCS} \#1: {RSA} {Cryptography} {Specifications} {Version} 2.2},
	shorttitle = {{PKCS} \#1},
	url = {https://tools.ietf.org/html/rfc8017},
	language = {en},
	urldate = {2018-12-04},
	author = {Jonsson, Jakob and Moriarty, Kathleen and Kaliski, Burt and Rusch, Andreas}
}

@article{schanck_practical_2015-1,
	title = {Practical {Lattice} {Cryptosystems}: {NTRUEncrypt} and {NTRUMLS}},
	shorttitle = {Practical {Lattice} {Cryptosystems}},
	url = {https://uwspace.uwaterloo.ca/handle/10012/10074},
	abstract = {Public key cryptography, as deployed on the internet today, stands on shaky ground. For over twenty years now it has been known that the systems in widespread use are insecure against adversaries equipped with quantum computers – a fact that has largely been discounted due to the enormous challenge of building such devices. However, research into the development of quantum computers is accelerating and is producing an abundance of positive results that indicate quantum computers could be built in the near future. As a result, individuals, corporations and government entities are calling for the deployment of new cryptography to replace systems that are vulnerable to quantum cryptanalysis. Few satisfying schemes are to be found. This work examines the design, parameter selection, and cryptanalysis of a post-quantum public key encryption scheme, NTRUEncrypt, and a related signature scheme, NTRUMLS. It is hoped that this analysis will prove useful in comparing these schemes against other candidates that have been proposed to replace existing infrastructure.},
	language = {en},
	urldate = {2018-12-04},
	author = {Schanck, John},
	month = dec,
	year = {2015}
}

@article{micciancio_closest_2003-1,
	title = {Closest {Vector} {Problem}},
	url = {http://cseweb.ucsd.edu/ daniele/papers/CryptoEncyclopediaCVP.pdf},
	author = {Micciancio, Daniele},
	month = aug,
	year = {2003}
}

@book{noauthor_open_2018-1,
	title = {Open {Source} {NTRU} {Public} {Key} {Cryptography} and {Reference} {Code}: {NTRUOpenSourceProject}/ntru-crypto},
	shorttitle = {Open {Source} {NTRU} {Public} {Key} {Cryptography} and {Reference} {Code}},
	url = {https://github.com/NTRUOpenSourceProject/ntru-crypto},
	urldate = {2018-12-18},
	publisher = {NTRU Open Source Project},
	month = dec,
	year = {2018},
	annote = {original-date: 2013-06-05T16:59:58Z}
}

@article{dai_optimizing_2018,
	title = {Optimizing {Polynomial} {Convolution} for {NTRUEncrypt}},
	volume = {67},
	issn = {0018-9340},
	number = {11},
	journal = {IEEE Transactions on Computers},
	author = {Dai, W. and Whyte, W. and Zhang, Z.},
	month = nov,
	year = {2018},
	keywords = {\${\textbackslash}textbackslashsf NTRUEncrypt\$, AVX2, Computers, constant-time implementation, Encryption, Lattices, Optimization, Quantum computing, Quantum-safe cryptography, security estimation},
	pages = {1572--1583}
}

@book{simonetto_ntru_2018,
	title = {{NTRU} implementation for 8-bit {ARV} {Micro}-controller},
	url = {https://github.com/thibaultsmnt/lu.uni.mics.ntru},
	urldate = {2018-12-27},
	author = {Simonetto, Thibault and Franci, Adriano},
	month = dec,
	year = {2018},
	annote = {original-date: 2018-11-29T15:20:25Z}
}

@techreport{project_efficient_2015,
	title = {Efficient {Embedded} {Security} {Standards}: {Implementation} {Aspects} of {NTRUEncrypt} and {NTRUSign}},
	shorttitle = {Efficient {Embedded} {Security} {Standards} ({EESS}) {EESS} \#1},
	url = {https://github.com/NTRUOpenSourceProject/ntru-crypto/blob/master/doc/EESS1-v3.1.pdf},
	abstract = {Efficient Embedded Security Standards (EESS) EESS \#1: Implementation Aspects of NTRUEncrypt and NTRUSign Consortium for Efficient Embedded Security June 20 th, 2003 Version 2.0 Consortium for Efficient},
	urldate = {2018-12-28},
	author = {Project, NTRU Open Source},
	month = sep,
	year = {2015}
}

@book{bernstein_post-quantum_2009-1,
	edition = {1},
	title = {Post-{Quantum} {Cryptography}},
	publisher = {Springer-Verlag},
	author = {Bernstein, D and Buchmann, J and Dahmen},
	year = {2009}
}

@inproceedings{hoffstein_ntru:_2006,
	title = {{NTRU}: {A} ring-based public key cryptosystem. {In}: {Buhler} {J}.{P}. (eds) {Algorithmic} {Number} {Theory}. {ANTS} 1998. {Lecture} {Notes} in {Computer} {Science}, vol 1423. {Springer}, {Berlin}, {Heidelberg}},
	publisher = {Springer-Verlag},
	author = {Hoffstein, Jeffrey and Pipher, Jill and Silverman, Joseph},
	year = {2006}
}